<record xmlns="http://www.loc.gov/MARC21/slim" xmlns:xsi="http://www.w3.org/2001/XMLSchema-instance" xsi:schemaLocation="http://www.loc.gov/MARC21/slim http://www.loc.gov/standards/marcxml/schema/MARC21slim.xsd"><leader>00475cz   2200169n  4500</leader><controlfield tag="001">oca00370150 </controlfield><controlfield tag="005">19991101141632.0</controlfield><controlfield tag="008">800213n| acannaab           |a aaa      </controlfield><datafield ind1=" " ind2=" " tag="010"><subfield code="a">n  79138879 </subfield></datafield><datafield ind1=" " ind2=" " tag="040"><subfield code="a">DLC</subfield><subfield code="c">DLC</subfield><subfield code="d">DLC</subfield><subfield code="d">NNC</subfield><subfield code="d">DLC</subfield></datafield><datafield ind1="0" ind2=" " tag="100"><subfield code="a">Pindar</subfield></datafield><datafield ind1="0" ind2=" " tag="400"><subfield code="a">Pindarus</subfield><subfield code="w">nna</subfield></datafield><datafield ind1="0" ind2=" " tag="400"><subfield code="a">Pindare</subfield></datafield><datafield ind1="0" ind2=" " tag="400"><subfield code="a">Pindaro</subfield></datafield><datafield ind1=" " ind2=" " tag="670"><subfield code="a">Des Places, E. Le pronom chez ... 1947.</subfield></datafield><datafield ind1=" " ind2=" " tag="670"><subfield code="a">Pindare, 1984, 1985:</subfield><subfield code="b">t.p. (Pindare)</subfield></datafield><datafield ind1=" " ind2=" " tag="670"><subfield code="a">His L'opera superstite, c1989:</subfield><subfield code="b">t.p. (Pindaro)</subfield></datafield></record>